@online{
    bib:dzzs,
    author = {{Republika Hrvatska}},
    title = {Dr\v{z}avni zavod za statistiku},
    url = {http://www.dzs.hr/},
    year = {2019},
    urldate = {2019-06-09}
}

@book{
    bib:hastie09,
    author = {Hastie, Trevor and Tibshirani, Robert and Friedman, Jerome Harold},
    title = {The Elements of Statistical Learning: Data Mining, Inference, and Prediction},
    publisher = {Springer},
    location = {New York},
    year = {2009}
}

@online{
    bib:hnb,
    author = {{Hrvatska narodna banka}},
    title = {Statistics -- HNB},
    url = {http://www.hnb.hr/statistika},
    year = {2019},
    urldate = {2019-06-09}
}

@online{
    bib:imf,
    author = {{International Monetary Fund}},
    title = {IMF Data},
    url = {http://www.imf.org/en/Data},
    year = {2019},
    urldate = {2019-06-09}
}

@online{
    bib:ng19,
    author = {Ng, Andrew},
    title = {Machine Learning},
    url = {http://www.coursera.org/learn/machine-learning},
    year = {2019},
    urldate = {2019-06-09}
}

@online{
    bib:smuc19,
    author = {\v{S}muc, Tomislav and Lipi\'{c}, Tomislav and Pi\v{s}korec, Matija},
    url = {http://web.math.pmf.unizg.hr/nastava/su/materijali/},
    year = {2019},
    title = {Materijali za strojno u\v{c}enje},
    urldate = {2019-06-09}
}
